@article{bobadilla2013recommender,
  title={Recommender systems survey},
  author={Bobadilla, Jes{\'u}s and Ortega, Fernando and Hernando, Antonio and Guti{\'e}rrez, Abraham},
  journal={Knowledge-based systems},
  volume={46},
  pages={109--132},
  year={2013},
  publisher={Elsevier}
}
@inproceedings{buchbinder2007online,
  title={Online primal-dual algorithms for maximizing ad-auctions revenue},
  author={Buchbinder, Niv and Jain, Kamal and Naor, Joseph Seffi},
  booktitle={European Symposium on Algorithms},
  pages={253--264},
  year={2007},
  organization={Springer}
}
@article{buchbinder2009online,
  title={Online primal-dual algorithms for covering and packing},
  author={Buchbinder, Niv and Naor, Joseph},
  journal={Mathematics of Operations Research},
  volume={34},
  number={2},
  pages={270--286},
  year={2009},
  publisher={INFORMS}
}
@article{srinivasan1999improved,
  title={Improved approximation guarantees for packing and covering integer programs},
  author={Srinivasan, Aravind},
  journal={SIAM Journal on Computing},
  volume={29},
  number={2},
  pages={648--670},
  year={1999},
  publisher={SIAM}
}
@inproceedings{weng2008exploiting,
  title={Exploiting item taxonomy for solving cold-start problem in recommendation making},
  author={Weng, Li-Tung and Xu, Yue and Li, Yuefeng and Nayak, Richi},
  booktitle={Tools with Artificial Intelligence, 2008. ICTAI'08. 20th IEEE International Conference on},
  volume={2},
  pages={113--120},
  year={2008},
  organization={IEEE}
}
@inproceedings{agarwal2011click,
  title={Click shaping to optimize multiple objectives},
  author={Agarwal, Deepak and Chen, Bee-Chung and Elango, Pradheep and Wang, Xuanhui},
  booktitle={Proceedings of the 17th ACM SIGKDD international conference on Knowledge discovery and data mining},
  pages={132--140},
  year={2011},
  organization={ACM}
}
@inproceedings{agarwal2009regression,
  title={Regression-based latent factor models},
  author={Agarwal, Deepak and Chen, Bee-Chung},
  booktitle={Proceedings of the 15th ACM SIGKDD international conference on Knowledge discovery and data mining},
  pages={19--28},
  year={2009},
  organization={ACM}
}
@inproceedings{park2009pairwise,
  title={Pairwise preference regression for cold-start recommendation},
  author={Park, Seung-Taek and Chu, Wei},
  booktitle={Proceedings of the third ACM conference on Recommender systems},
  pages={21--28},
  year={2009},
  organization={ACM}
}
@inproceedings{gunawardana2008tied,
  title={Tied boltzmann machines for cold start recommendations},
  author={Gunawardana, Asela and Meek, Christopher},
  booktitle={Proceedings of the 2008 ACM conference on Recommender systems},
  pages={19--26},
  year={2008},
  organization={ACM}
}
@inproceedings{agarwal2013recommending,
  title={Recommending items to users: an explore/exploit perspective.},
  author={Agarwal, Deepak and Learning, Director Machine},
  booktitle={UEO@ CIKM},
  pages={1--2},
  year={2013}
}
@inproceedings{vanchinathan2014explore,
  title={Explore-exploit in top-n recommender systems via gaussian processes},
  author={Vanchinathan, Hastagiri P and Nikolic, Isidor and De Bona, Fabio and Krause, Andreas},
  booktitle={Proceedings of the 8th ACM Conference on Recommender systems},
  pages={225--232},
  year={2014},
  organization={ACM}
}
@inproceedings{celma2016exploit,
  title={The Exploit-Explore Dilemma in Music Recommendation},
  author={Celma, Oscar},
  booktitle={Proceedings of the 10th ACM Conference on Recommender Systems},
  pages={377--377},
  year={2016},
  organization={ACM}
}
@inproceedings{aggarwal2011online,
  title={Online vertex-weighted bipartite matching and single-bid budgeted allocations},
  author={Aggarwal, Gagan and Goel, Gagan and Karande, Chinmay and Mehta, Aranyak},
  booktitle={Proceedings of the twenty-second annual ACM-SIAM symposium on Discrete Algorithms},
  pages={1253--1264},
  year={2011},
  organization={Society for Industrial and Applied Mathematics}
}
@inproceedings{feldman2009online,
  title={Online ad assignment with free disposal},
  author={Feldman, Jon and Korula, Nitish and Mirrokni, Vahab and Muthukrishnan, S and P{\'a}l, Martin},
  booktitle={International Workshop on Internet and Network Economics},
  pages={374--385},
  year={2009},
  organization={Springer}
}
@techreport{kapralov2012online,
  title={Online and stochastic variants of welfare maximization},
  author={Kapralov, Mikhail and Vondrak, Jan and Post, Ian},
  year={2012}
}
@article{mehta2013online,
  title={Online matching and ad allocation},
  author={Mehta, Aranyak and others},
  journal={Foundations and Trends{\textregistered} in Theoretical Computer Science},
  volume={8},
  number={4},
  pages={265--368},
  year={2013},
  publisher={Now Publishers, Inc.}
}
@article{peng2016n,
  title={N-dimensional Markov random field prior for cold-start recommendation},
  author={Peng, Furong and Lu, Jianfeng and Wang, Yongli and Yi-Da Xu, Richard and Ma, Chao and Yang, Jingyu},
  journal={Neurocomputing},
  volume={191},
  pages={187--199},
  year={2016},
  publisher={Elsevier}
}
@article{barjasteh2016cold,
  title={Cold-start recommendation with provable guarantees: A decoupled approach},
  author={Barjasteh, Iman and Forsati, Rana and Ross, Dennis and Esfahanian, Abdol-Hossein and Radha, Hayder},
  journal={IEEE Transactions on Knowledge and Data Engineering},
  volume={28},
  number={6},
  pages={1462--1474},
  year={2016},
  publisher={IEEE}
}	
@article{lu2014show,
  title={Show me the money: Dynamic recommendations for revenue maximization},
  author={Lu, Wei and Chen, Shanshan and Li, Keqian and Lakshmanan, Laks VS},
  journal={Proceedings of the VLDB Endowment},
  volume={7},
  number={14},
  pages={1785--1796},
  year={2014},
  publisher={VLDB Endowment}
}
@article{nisan2007algorithmic,
  title={Algorithmic Game Theory Cambridge University Press},
  author={Nisan, Noam and Roughgarden, T and Tardos, E and Vazirani, V},
  journal={New York, NY, USA},
  year={2007}
}
@article{porteus1990stochastic,
  title={Stochastic inventory theory},
  author={Porteus, Evan L},
  journal={Handbooks in operations research and management science},
  volume={2},
  pages={605--652},
  year={1990},
  publisher={Elsevier}
}
@book{nicholson2011microeconomic,
  title={Microeconomic theory: Basic principles and extensions},
  author={Nicholson, Walter and Snyder, Christopher},
  year={2011},
  publisher={Nelson Education}
}
@article{goldstein2006profiting,
  title={Profiting from the long tail},
  author={Goldstein, Daniel G and Goldstein, Dominique C},
  journal={Harvard Business Review},
  volume={84},
  number={6},
  pages={24--28},
  year={2006}
}
@article{buchbinder2009design,
  title={The design of competitive online algorithms via a primal--dual approach},
  author={Buchbinder, Niv and Naor, Joseph Seffi and others},
  journal={Foundations and Trends{\textregistered} in Theoretical Computer Science},
  volume={3},
  number={2--3},
  pages={93--263},
  year={2009},
  publisher={Now Publishers, Inc.}
}
@misc{qz,
  title={https://qz.com/915913/walmarts-e-commerce-investments-are-helping-the-retail-giant-catch-up-with-amazon/}
}
@misc{wsj,
  title={http://www.wsj.com/articles/survey-shows-rapid-growth-in-online-shopping-1465358582}
}
@inproceedings{SC16,
	Author = {Daria Sorokina and Erick Cantu-Paz},
	Booktitle = {SIGIR},
	Title = {Amazon Search: The Joy of Ranking Products},
	Year = {2016}
}

@article{LSY03,
	Author = {Greg Linden and Brent Smith and Jeremy York},
	Journal = {IEEE Internet Computing},
	Number = {1},
	Pages = {76-80},
	Title = {Amazon.com Recommendations: Item-to-Item Collaborative Filtering},
	Volume = {7},
	Year = {2003}}